<?xml version="1.0" encoding="UTF-8"?><collection xmlns="http://www.loc.gov/MARC21/slim"><record><leader>00391nam--2200133-i-4500</leader><controlfield tag="001">000006736</controlfield><controlfield tag="002">20161230</controlfield><controlfield tag="005">20161230201026</controlfield><controlfield tag="008">060222s1000------------r-----000-0-eng-d</controlfield><datafield ind1="1" ind2=" " tag="245"><subfield code="a">The theory of the mathematical machines translated from the russiand</subfield></datafield><datafield ind1=" " ind2=" " tag="260"><subfield code="a">London, Pergamon Press, 1963 Xii + 264 P</subfield></datafield><datafield ind1=" " ind2=" " tag="700"><subfield code="a">Bazilevskii, Yu</subfield></datafield><datafield ind1=" " ind2=" " tag="852"><subfield code="a">19677</subfield><subfield code="c">517.11</subfield></datafield><datafield ind1=" " ind2=" " tag="CAT"><subfield code="a">Sys</subfield><subfield code="c">20080715</subfield><subfield code="h">122408</subfield></datafield></record></collection>